<record><leader>00000cas a22000007a 4500</leader><controlfield tag="001">13201288</controlfield><controlfield tag="008">860226d19051949wvuwr ne      0    0eng d</controlfield><datafield ind1=" " ind2=" " tag="010"><subfield code="a">sn 86092291 </subfield></datafield><datafield ind1=" " ind2=" " tag="040"><subfield code="a">WVC</subfield><subfield code="b">eng</subfield><subfield code="c">WVC</subfield><subfield code="d">OCL</subfield><subfield code="d">OCLCQ</subfield></datafield><datafield ind1=" " ind2=" " tag="042"><subfield code="a">msc</subfield></datafield><datafield ind1="0" ind2=" " tag="130"><subfield code="a">Gazette (Harrisville, W. Va.)</subfield></datafield><datafield ind1="1" ind2="4" tag="245"><subfield code="a">The Gazette.</subfield></datafield><datafield ind1=" " ind2=" " tag="260"><subfield code="a">Harrisville, W. Va. :</subfield><subfield code="b">Gazette Publ. Co.,</subfield><subfield code="c">-1949.</subfield></datafield><datafield ind1=" " ind2=" " tag="300"><subfield code="a">v.</subfield></datafield><datafield ind1=" " ind2=" " tag="310"><subfield code="a">Weekly</subfield></datafield><datafield ind1="1" ind2=" " tag="362"><subfield code="a">Began in 1905?</subfield><subfield code="z">Cf. Lowther, M.K. Hist. of Ritchie Co.</subfield></datafield><datafield ind1="0" ind2=" " tag="362"><subfield code="a">-v. 76, no. 24 (Dec. 29, 1949).</subfield></datafield><datafield ind1=" " ind2=" " tag="500"><subfield code="a">"Republican."</subfield></datafield><datafield ind1=" " ind2=" " tag="500"><subfield code="a">Publishers: Wat Warren, 1905-1907; Robert Morris, 1907-1949.</subfield></datafield><datafield ind1=" " ind2=" " tag="515"><subfield code="a">Numbering continued from: Ritchie gazette.</subfield></datafield><datafield ind1=" " ind2=" " tag="588"><subfield code="a">Description based on: Vol. 56, no. 25 (May 20, 1913).</subfield></datafield><datafield ind1=" " ind2=" " tag="752"><subfield code="a">United States</subfield><subfield code="b">West Virginia</subfield><subfield code="c">Ritchie</subfield><subfield code="d">Harrisville.</subfield></datafield><datafield ind1="0" ind2="0" tag="780"><subfield code="t">Ritchie gazette</subfield><subfield code="w">(DLC)sn 84038343</subfield></datafield><datafield ind1="0" ind2="7" tag="785"><subfield code="t">Cairo standard</subfield><subfield code="w">(DLC)sn 86092293</subfield></datafield><datafield ind1="0" ind2="7" tag="785"><subfield code="t">Ritchie gazette and the Cairo standard</subfield><subfield code="w">(DLC)sn 86092294</subfield></datafield></record>